@misc{expr_prob,
  title = {Expression problem},
  url = {https://wiki.c2.com/?ExpressionProblem},
  language = {en},
  year = 2013,
  note = {Link: https://wiki.c2.com/?ExpressionProblem}
}
@misc{visitor,
  title = {Visitor in C++ / Design Patterns},
  url = https://refactoring.guru/design-patterns/visitor/cpp/example,
  language = {en},
  year = 2023,
  note = {Link: https://refactoring.guru/design-patterns/visitor/cpp/example}
}
@misc{cpp,
  title = {std::variant - cppreference.com},
  url = {https://en.cppreference.com/w/cpp/utility/variant},
  language = {en},
  year = 2023,
  note = {Link: https://en.cppreference.com/w/cpp/utility/variant}
}