@article{frust_soc,
  title        = {ChatGPT and the frustrated Socrates},
  author       = {Gregorcic, B. and Pendrill, A.-M.},
  journal      = {Physics Education},
  volume       = 58,
  number       = 3,
  pages        = {035021},
  doi          = {10.1088/1361-6552/acc299},
  year         = 2023,
  language     = {en}
}

@incollection{student,
  author = {Bobrow, D.},
  title = {Natural language input for a computer problem solving system},
  publisher = {USA:MIT Press},
  pages = {146–226},
  year = {1964},
  language = {en},
  booktitle = {Semantic Information Processing},
  address = {Cambridge, MA}
}

@book{paip,
  author       = {Norvig},
  title        = {Paradigms of Artificial Intelligence Programming: Case Studies in Common Lisp},
  publisher    = {Morgan Kaufmann},
  url          = {https://unglueit-files.s3.amazonaws.com/ebf/59f74a93bbc1435c9ca1557b4bb6e9ba.pdf},
  year         = 1991,
  edition      = {1st},
  language     = {en}
}

@article{mwp_repr,
  title        = {Solving Arithmetic Mathematical Word Problems: A Review and Recent Advancements},
  author       = {Mandal, S. and Naskar, S.K.},
  journal      = {Information Technology and Applied Mathematics},
  publisher    = {Springer Singapore},
  address      = {Singapore},
  pages        = {95–114},
  doi          = {10.1007/978-981-10-7590-2_7},
  year         = 2019,
  editor       = {Chandra, P. and Giri, D. and Li, F. and Kar, S. and Jana, D.K.},
  language     = {en}
}

@ARTICLE{mwp_nlp,
  author={Zhang, Dongxiang and Wang, Lei and Zhang, Luming and Dai, Bing Tian and Shen, Heng Tao},
  journal={IEEE Transactions on Pattern Analysis and Machine Intelligence}, 
  title={The Gap of Semantic Parsing: A Survey on Automatic Math Word Problem Solvers}, 
  year={2020},
  volume={42},
  number={9},
  pages={2287-2305},
  keywords={Semantics;Feature extraction;Mathematical model;Cognition;Natural languages;Deep learning;Math word problem;semantic parser;reasoning;survey;natural language processing;machine learning},
  doi={10.1109/TPAMI.2019.2914054}
}

@inproceedings{newton,
  title        = {Multiples Representations of Knowledge in a Mechanics Problem-Solver},
  author       = {Kleer, J.},
  booktitle    = {Proceedings of the 5th International Joint Conference on Artificial Intelligence},
  publisher    = {Morgan Kaufmann Publishers Inc},
  address      = {USA. San Francisco, CA, USA},
  volume       = 1,
  pages        = {299–304},
  doi          = {10.1016/B978-1-4832-1447-4.50009-2},
  note         = {Presented at the Cambridge,},
  year         = 1977,
  language     = {en}
}

@article{isaac,
  title        = {Computer Understanding of Physics Problems Stated in Natural Language},
  author       = {Novak, Jr, G.S.},
  journal      = {American Journal of Computational Linguistics},
  url          = {https://aclanthology.org/J76-3005.},
  year         = 1976,
  language     = {en}
}

@article{mecho,
  title        = {MECHO: A program to solve mechanics problems},
  author       = {Bundy, A. and Byrd, L. and Luger, G. and Mellish, C. and Milne, R. and Palmer, M.},
  journal      = {Department of Artificial Intelligence, University of Edinburgh},
  doi          = {http://www.worldcat.org/title/mecho-a-program-to-solve-mechanics-problems/oclc/475999217.},
  year         = 1979,
  language     = {en}
}

@article{other_pwp,
  title        = {A review of methods for automatic understanding of natural language mathematical problems},
  author       = {Mukherjee, A. and Garain, U.},
  journal      = {Artificial Intelligence Review},
  volume       = 29,
  number       = 2,
  pages        = {93–122},
  doi          = {10.1007/s10462-009-9110-0},
  year         = 2008,
  language     = {en}
}

@inproceedings{modern_pwp,
  title={Machine Solver for Physics Word Problems},
  author={Megan Leszczynski and Jos{\'e} E. Moreira},
  year={2017},
  url={https://api.semanticscholar.org/CorpusID:58605280}
}

@misc{spacy_rules,
  title        = {Rule-based matching Spacy Usage Documentation},
  url          = {https://spacy.io/usage/rule-based-matching},
  note         = {Rule-based matching. (n.d.).},
  language     = {en}
}

@book{aima,
  title        = {Artificial Intelligence: A Modern Approach},
  author       = {Russell, S. and Norvig, P.},
  publisher    = {Prentice Hall Press},
  address      = {USA},
  url          = {https://people.engr.tamu.edu/guni/csce421/files/AI_Russell_Norvig.pdf},
  year         = 2009,
  edition      = {3rd},
  language     = {lb}
}

@book{ukr_ph_1,
  title        = {Фізика. 7 клас: Збірник задач},
  author       = {Гельфгат, І.},
  publisher    = {Веста},
  year         = 2009,
  edition      = {4th},
  language     = {uk}
}

@book{ukr_ph_2,
  title        = {Фізика. 8 клас: Збірник задач},
  author       = {Ненашев, І.},
  publisher    = {Веста},
  year         = 2011,
  edition      = {5th},
  language     = {uk}
}

@article{strips,
  title        = {Strips: A new approach to the application of theorem proving to problem solving},
  author       = {Fikes, R.E. and Nilsson, N.J.},
  journal      = {Artificial Intelligence},
  volume       = 2,
  number       = 3,
  pages        = {189–208},
  doi          = {10.1016/0004-3702(71)90010-5},
  year         = 1971,
  language     = {en}
}

@book{nlp,
  title        = {Practical natural language processing: A comprehensive guide to building real-world NLP systems},
  author       = {B., S.V. and Majumder, B. and Gupta, A. and Surana, H.},
  publisher    = {O’Reilly Media},
  year         = 2020,
  language     = {en}
}
