@Misc{Osborne2024,
  author = {Osborne, Martin},
  note   = {Accessed: 2024-10-15},
  title  = {Using {BibTeX}: a short guide},
  year   = {2024},
  url    = {https://www.economics.utoronto.ca/osborne/latex/BIBTEX.HTM},
}

@Article{Лупаренко2021,
  author    = {Лупаренко, ЛА},
  journal   = {Збірник наукових праць Національної академії Державної прикордонної служби України. Серія: педагогічні науки},
  title     = {Еволюція відкритих електронних науково-освітніх систем і їх використання у вітчизняному освітньому просторі},
  year      = {2021},
  number    = {25},
  pages     = {236--272},
  volume    = {2},
  publisher = {Національна академія Державної прикордонної служби України імені Богдана~…},
}

@Article{Губаль2013,
  author    = {Губаль, ГМ},
  journal   = {Комп'ютерно-інтегровані технології: освіта, наука, виробництво},
  title     = {LATEX як видавнича система для створення математичних текстів і для програмування},
  year      = {2013},
  number    = {12},
  pages     = {23--26},
  publisher = {Луцький національний технічний університет},
}

@Comment{jabref-meta: databaseType:bibtex;}
